<record><leader>00000cas a2200000 a 4500</leader><controlfield tag="001">60778554</controlfield><controlfield tag="007">hd afu---baca</controlfield><controlfield tag="008">050630d18741907iludn nea     0    0eng c</controlfield><datafield ind1=" " ind2=" " tag="010"><subfield code="a">  2012271012</subfield></datafield><datafield ind1=" " ind2=" " tag="040"><subfield code="a">MR0</subfield><subfield code="b">eng</subfield><subfield code="c">MR0</subfield><subfield code="d">MR0</subfield><subfield code="d">NVF</subfield><subfield code="d">OCLCF</subfield><subfield code="d">OCLCO</subfield><subfield code="d">OCLCQ</subfield></datafield><datafield ind1=" " ind2=" " tag="042"><subfield code="a">pcc</subfield></datafield><datafield ind1=" " ind2=" " tag="043"><subfield code="a">n-us-il</subfield></datafield><datafield ind1="0" ind2="4" tag="245"><subfield code="a">The Illini.</subfield></datafield><datafield ind1="1" ind2=" " tag="246"><subfield code="i">Published as:</subfield><subfield code="a">University of Illinois Illini</subfield><subfield code="f">Jan. 14, 1884-Nov. 30, 1891</subfield></datafield><datafield ind1=" " ind2=" " tag="260"><subfield code="a">Urbana, Ill. :</subfield><subfield code="b">G.W. Flynn &amp; Co.,</subfield><subfield code="c">1874-1907.</subfield></datafield><datafield ind1="2" ind2=" " tag="260"><subfield code="3">Jan.-Sept. 1874, Sept. 18, 1896, Sept. 14, 1904-1907</subfield><subfield code="a">Urbana, Ill.</subfield></datafield><datafield ind1="2" ind2=" " tag="260"><subfield code="3">Oct. 1874-June 10, 1896</subfield><subfield code="a">Champaign, Ill.</subfield></datafield><datafield ind1="2" ind2=" " tag="260"><subfield code="3">Sept. 25, 1896-June 3, 1904</subfield><subfield code="a">Urbana, Ill. ;</subfield><subfield code="a">Champaign, Ill.</subfield></datafield><datafield ind1="3" ind2=" " tag="260"><subfield code="3">Oct. 20, 1880</subfield><subfield code="a">Champaign, Ill. :</subfield><subfield code="b">The students of Illinois Industrial University</subfield></datafield><datafield ind1=" " ind2=" " tag="300"><subfield code="a">volumes</subfield></datafield><datafield ind1=" " ind2=" " tag="310"><subfield code="a">Daily (except Monday, during the Fall and Spring semesters),</subfield><subfield code="b">Sept. 20, 1905-1907</subfield></datafield><datafield ind1=" " ind2=" " tag="321"><subfield code="a">Monthly,</subfield><subfield code="b">1874-June 1880</subfield></datafield><datafield ind1=" " ind2=" " tag="321"><subfield code="a">Semimonthly,</subfield><subfield code="b">Sept. 16-Dec. 15, 1880</subfield></datafield><datafield ind1=" " ind2=" " tag="321"><subfield code="a">Biweekly,</subfield><subfield code="b">Jan. 19, 1881-May 8, 1893</subfield></datafield><datafield ind1=" " ind2=" " tag="321"><subfield code="a">Weekly,</subfield><subfield code="b">Sept. 20, 1893-June 21, 1899</subfield></datafield><datafield ind1=" " ind2=" " tag="321"><subfield code="a">Triweekly,</subfield><subfield code="b">Sept. 20, 1899-June 9, 1902</subfield></datafield><datafield ind1=" " ind2=" " tag="321"><subfield code="a">Daily (except Saturday and Sunday),</subfield><subfield code="b">Sept. 17, 1902-May 28, 1905</subfield></datafield><datafield ind1=" " ind2=" " tag="336"><subfield code="a">text</subfield><subfield code="b">txt</subfield><subfield code="2">rdacontent</subfield></datafield><datafield ind1=" " ind2=" " tag="337"><subfield code="a">microform</subfield><subfield code="b">h</subfield><subfield code="2">rdamedia</subfield></datafield><datafield ind1="0" ind2=" " tag="362"><subfield code="a">Vol. 3, no. 1 (Jan. 1874)-v. 36, no. 198 (June 8, 1907).</subfield></datafield><datafield ind1=" " ind2=" " tag="500"><subfield code="a">Published in: Urbana, Ill., Jan.-Sept. 1874, Sept. 18, 1896, Sept. 14, 1904-1907.</subfield></datafield><datafield ind1=" " ind2=" " tag="500"><subfield code="a">Published in: Champaign, Ill., Oct. 1874-June 10, 1896.</subfield></datafield><datafield ind1=" " ind2=" " tag="500"><subfield code="a">Published simultaneously in: Urbana, Ill. and Champaign, Ill., Sept. 25, 1896-June 3, 1904.</subfield></datafield><datafield ind1=" " ind2=" " tag="533"><subfield code="a">Microfilm.</subfield></datafield><datafield ind1="2" ind2="0" tag="610"><subfield code="a">University of Illinois at Urbana-Champaign</subfield><subfield code="v">Newspapers.</subfield></datafield><datafield ind1="2" ind2="0" tag="610"><subfield code="a">Illinois Industrial University (Urbana, Ill.)</subfield><subfield code="v">Newspapers.</subfield></datafield><datafield ind1=" " ind2="0" tag="651"><subfield code="a">Urbana (Ill.)</subfield><subfield code="v">Newspapers.</subfield></datafield><datafield ind1=" " ind2="0" tag="651"><subfield code="a">Champaign (Ill.)</subfield><subfield code="v">Newspapers.</subfield></datafield><datafield ind1=" " ind2="0" tag="651"><subfield code="a">Champaign County (Ill.)</subfield><subfield code="v">Newspapers.</subfield></datafield><datafield ind1=" " ind2="0" tag="650"><subfield code="a">College student newspapers and periodicals</subfield><subfield code="z">Illinois.</subfield></datafield><datafield ind1="2" ind2="7" tag="610"><subfield code="a">Illinois Industrial University (Urbana, Ill.)</subfield><subfield code="2">fast</subfield><subfield code="0">(OCoLC)fst00666797</subfield></datafield><datafield ind1="2" ind2="7" tag="610"><subfield code="a">University of Illinois at Urbana-Champaign.</subfield><subfield code="2">fast</subfield><subfield code="0">(OCoLC)fst00532271</subfield></datafield><datafield ind1=" " ind2="7" tag="650"><subfield code="a">College student newspapers and periodicals.</subfield><subfield code="2">fast</subfield><subfield code="0">(OCoLC)fst00867966</subfield></datafield><datafield ind1=" " ind2="7" tag="651"><subfield code="a">Illinois.</subfield><subfield code="2">fast</subfield><subfield code="0">(OCoLC)fst01205143</subfield></datafield><datafield ind1=" " ind2="7" tag="651"><subfield code="a">Illinois</subfield><subfield code="z">Champaign.</subfield><subfield code="2">fast</subfield><subfield code="0">(OCoLC)fst01207150</subfield></datafield><datafield ind1=" " ind2="7" tag="651"><subfield code="a">Illinois</subfield><subfield code="z">Champaign County.</subfield><subfield code="2">fast</subfield><subfield code="0">(OCoLC)fst01208069</subfield></datafield><datafield ind1=" " ind2="7" tag="651"><subfield code="a">Illinois</subfield><subfield code="z">Urbana.</subfield><subfield code="2">fast</subfield><subfield code="0">(OCoLC)fst01211927</subfield></datafield><datafield ind1=" " ind2="7" tag="655"><subfield code="a">Newspapers.</subfield><subfield code="2">fast</subfield><subfield code="0">(OCoLC)fst01423814</subfield></datafield><datafield ind1=" " ind2=" " tag="752"><subfield code="a">United States</subfield><subfield code="b">Illinois</subfield><subfield code="c">Champaign</subfield><subfield code="d">Urbana.</subfield></datafield><datafield ind1=" " ind2=" " tag="752"><subfield code="a">United States</subfield><subfield code="b">Illinois</subfield><subfield code="c">Champaign</subfield><subfield code="d">Champaign.</subfield></datafield><datafield ind1="0" ind2=" " tag="776"><subfield code="h">Print</subfield><subfield code="t">Illini</subfield><subfield code="w">(OCoLC)34991410</subfield></datafield><datafield ind1="0" ind2="0" tag="780"><subfield code="t">Student (Urbana, Ill.)</subfield><subfield code="w">(DLC)sn 96071017</subfield><subfield code="w">(OCoLC)34991379</subfield></datafield><datafield ind1="0" ind2="0" tag="785"><subfield code="t">Daily Illini</subfield><subfield code="w">(DLC)sn 85000585</subfield><subfield code="w">(OCoLC)11682576</subfield></datafield></record>